<?xml version="1.0" encoding="UTF-8"?><collection xmlns="http://www.loc.gov/MARC21/slim"><record><leader>00587nam--2200181-u-4500</leader><controlfield tag="001">000056015</controlfield><controlfield tag="002">20161230</controlfield><controlfield tag="005">20161230201052</controlfield><controlfield tag="008">141202s1000------------r-----000-0-fre-d</controlfield><datafield ind1=" " ind2=" " tag="040"><subfield code="a">IFIN-HH</subfield></datafield><datafield ind1=" " ind2=" " tag="041"><subfield code="a">fre</subfield></datafield><datafield ind1=" " ind2=" " tag="080"><subfield code="a">52-726:629.19(043)</subfield></datafield><datafield ind1="1" ind2=" " tag="100"><subfield code="a">Michel, Evelyne</subfield></datafield><datafield ind1="1" ind2="0" tag="245"><subfield code="a">Etude des possibilites de mesurer a bord d'un satellite la temperature, la densite et la vitesse de derive electroniques du plasma ionospherique</subfield><subfield code="b">These</subfield><subfield code="c">Evelyne michel</subfield></datafield><datafield ind1=" " ind2=" " tag="260"><subfield code="a">Orleans</subfield><subfield code="b">Universite D'Orleans</subfield><subfield code="c">1976</subfield></datafield><datafield ind1=" " ind2=" " tag="300"><subfield code="a">72P+ANEXE</subfield></datafield><datafield ind1=" " ind2=" " tag="852"><subfield code="a">46325</subfield><subfield code="c">523</subfield></datafield><datafield ind1=" " ind2=" " tag="CAT"><subfield code="a">Sys</subfield><subfield code="c">20141202</subfield><subfield code="h">175428</subfield></datafield></record></collection>